<?xml version="1.0" encoding="utf-8" ?>
<gnc-v2
     xmlns:gnc="http://www.gnucash.org/XML/gnc"
     xmlns:act="http://www.gnucash.org/XML/act"
     xmlns:book="http://www.gnucash.org/XML/book"
     xmlns:cd="http://www.gnucash.org/XML/cd"
     xmlns:cmdty="http://www.gnucash.org/XML/cmdty"
     xmlns:price="http://www.gnucash.org/XML/price"
     xmlns:slot="http://www.gnucash.org/XML/slot"
     xmlns:split="http://www.gnucash.org/XML/split"
     xmlns:sx="http://www.gnucash.org/XML/sx"
     xmlns:trn="http://www.gnucash.org/XML/trn"
     xmlns:ts="http://www.gnucash.org/XML/ts"
     xmlns:fs="http://www.gnucash.org/XML/fs"
     xmlns:bgt="http://www.gnucash.org/XML/bgt"
     xmlns:recurrence="http://www.gnucash.org/XML/recurrence"
     xmlns:lot="http://www.gnucash.org/XML/lot"
     xmlns:job="http://www.gnucash.org/XML/job"
     xmlns:invoice="http://www.gnucash.org/XML/invoice"
     xmlns:addr="http://www.gnucash.org/XML/addr"
     xmlns:cust="http://www.gnucash.org/XML/cust"
     xmlns:billterm="http://www.gnucash.org/XML/billterm"
     xmlns:bt-days="http://www.gnucash.org/XML/bt-days"
     xmlns:bt-prox="http://www.gnucash.org/XML/bt-prox"
     xmlns:taxtable="http://www.gnucash.org/XML/taxtable"
     xmlns:tte="http://www.gnucash.org/XML/tte"
     xmlns:order="http://www.gnucash.org/XML/order"
     xmlns:employee="http://www.gnucash.org/XML/employee"
     xmlns:entry="http://www.gnucash.org/XML/entry"
     xmlns:owner="http://www.gnucash.org/XML/owner"
     xmlns:vendor="http://www.gnucash.org/XML/vendor">
<gnc:count-data cd:type="book">1</gnc:count-data>
<gnc:book version="2.0.0">
<book:id type="guid">ec7c150293d79985f48a13ed314b0656</book:id>

<gnc:account version="2.0.0">
  <act:name>Root Account</act:name>
  <act:id type="guid">51b9e2e96175e8acac1d89ac8bed7b3c</act:id>
  <act:type>ROOT</act:type>
</gnc:account>
<gnc:account version="2.0.0">
  <act:name>Assets</act:name>
  <act:id type="guid">c2806891df02e70bef4d51c8d1269681</act:id>
  <act:type>ASSET</act:type>
  <act:commodity>
    <cmdty:space>ISO4217</cmdty:space>
    <cmdty:id>AUD</cmdty:id>
  </act:commodity>
  <act:commodity-scu>100</act:commodity-scu>
  <act:description>Assets</act:description>
  <act:slots>
    <slot>
      <slot:key>placeholder</slot:key>
      <slot:value type="string">true</slot:value>
    </slot>
  </act:slots>
  <act:parent type="guid">51b9e2e96175e8acac1d89ac8bed7b3c</act:parent>
</gnc:account>

<gnc:account version="2.0.0">
  <act:name>Equity</act:name>
  <act:id type="guid">d3e0d16bd78c7f53f9a22f6b50262f79</act:id>
  <act:type>EQUITY</act:type>
  <act:commodity>
    <cmdty:space>ISO4217</cmdty:space>
    <cmdty:id>AUD</cmdty:id>
  </act:commodity>
  <act:commodity-scu>100</act:commodity-scu>
  <act:description>Equity</act:description>
  <act:slots>
    <slot>
      <slot:key>placeholder</slot:key>
      <slot:value type="string">true</slot:value>
    </slot>
  </act:slots>
  <act:parent type="guid">51b9e2e96175e8acac1d89ac8bed7b3c</act:parent>
</gnc:account>
<gnc:account version="2.0.0">
  <act:name>Opening Balances</act:name>
  <act:id type="guid">c14297e4163c77bb13f1adb70be84898</act:id>
  <act:type>EQUITY</act:type>
  <act:commodity>
    <cmdty:space>ISO4217</cmdty:space>
    <cmdty:id>AUD</cmdty:id>
  </act:commodity>
  <act:commodity-scu>100</act:commodity-scu>
  <act:description>Opening Balances</act:description>
  <act:parent type="guid">d3e0d16bd78c7f53f9a22f6b50262f79</act:parent>
</gnc:account>


<gnc:transaction version="2.0.0">
  <trn:id type="guid">cfa71d92b9b4012c320d0864bac98844</trn:id>
  <trn:currency>
    <cmdty:space>ISO4217</cmdty:space>
    <cmdty:id>AUD</cmdty:id>
  </trn:currency>
  <trn:date-posted>
    <ts:date>2010-05-08 00:00:00 +1000</ts:date>
  </trn:date-posted>
  <trn:date-entered>
    <ts:date>2010-05-18 14:37:40 +1000</ts:date>
  </trn:date-entered>
  <trn:description>Reconciled Transaction</trn:description>
  <trn:splits>
    <trn:split>
      <split:id type="guid">0caf20ff4b1163a8d085c3d8732ff6db</split:id>
      <split:reconciled-state>y</split:reconciled-state>
      <split:value>10000/100</split:value>
      <split:quantity>10000/100</split:quantity>
      <split:account type="guid">c2806891df02e70bef4d51c8d1269681</split:account>
    </trn:split>
    <trn:split>
      <split:id type="guid">ef9eed04fdfc97656466e848123c10dd</split:id>
      <split:reconciled-state>n</split:reconciled-state>
      <split:value>-10000/100</split:value>
      <split:quantity>-10000/100</split:quantity>
      <split:account type="guid">c14297e4163c77bb13f1adb70be84898</split:account>
    </trn:split>
  </trn:splits>
</gnc:transaction>
</gnc:book>
</gnc-v2>
